<?xml version="1.0" encoding="UTF-8"?>
<collection xmlns:xsi="http://www.w3.org/2001/XMLSchema-instance" xsi:schemaLocation="http://www.loc.gov/MARC21/slim http://www.loc.gov/standards/marcxml/schema/MARC21slim.xsd" xmlns="http://www.loc.gov/MARC21/slim">
<record>
  <leader>00894cam a22001931  4500</leader>
  <controlfield tag="001">2983617</controlfield>
  <controlfield tag="003">NNC</controlfield>
  <controlfield tag="005">20150817132405.0</controlfield>
  <controlfield tag="008">010226s1905    ua            000 0 ara d</controlfield>
  <datafield tag="035" ind1=" " ind2=" ">
    <subfield code="a">(OCoLC)ocm46322084</subfield>
  </datafield>
  <datafield tag="035" ind1=" " ind2=" ">
    <subfield code="9">ASN0804CU</subfield>
  </datafield>
  <datafield tag="035" ind1=" " ind2=" ">
    <subfield code="a">(NNC)2983617</subfield>
  </datafield>
  <datafield tag="040" ind1=" " ind2=" ">
    <subfield code="a">ZCU</subfield>
    <subfield code="c">ZCU</subfield>
  </datafield>
  <datafield tag="090" ind1=" " ind2=" ">
    <subfield code="a">PJ6101.I23</subfield>
    <subfield code="b">A9</subfield>
  </datafield>
  <datafield tag="100" ind1="1" ind2=" ">
    <subfield code="a">Azharī, Khālid ibn ʻAbd Allāh,</subfield>
    <subfield code="d">-1499.</subfield>
  </datafield>
  <datafield tag="245" ind1="1" ind2="0">
    <subfield code="a">Iʻrāb Alfīyat al-imām Ibn Mālik fī al-naḥw, al-musammā:</subfield>
    <subfield code="b">Tamrīn al-ṭullāb fī ṣināʻat al-iʻrāb, lil-shaykh ...</subfield>
    <subfield code="c">Zayn al-Dīn Abī al-Walīd Khālid ibn ʻAbd Allāh al-Azharī. Wa-bi-hāmishihī: sharh al-shaykh Khālid, al-musammā: Muwaṣsil al-tullāb ilā Qawāʻid al-iʻrāb, lil-ʻallāmah Ibn Hisʻhām al-Ansārī.</subfield>
  </datafield>
  <datafield tag="260" ind1=" " ind2=" ">
    <subfield code="a">[al-Qāhirah]</subfield>
    <subfield code="b">al-Matbaʻah al-Ḥusaynīyah al-Misrīyah</subfield>
    <subfield code="c">1323 h. [1905]</subfield>
  </datafield>
  <datafield tag="300" ind1=" " ind2=" ">
    <subfield code="a">143 p.</subfield>
    <subfield code="c">27 cm.</subfield>
  </datafield>
  <datafield tag="955" ind1=" " ind2=" ">
    <subfield code="b">0036759937</subfield>
    <subfield code="d">glx</subfield>
    <subfield code="e">PJ6101.I23 A9</subfield>
  </datafield>
</record>
</collection>